<?xml version="1.0" encoding="UTF-8"?><collection xmlns="http://www.loc.gov/MARC21/slim"><record><leader>00471nam--2200181-i-4500</leader><controlfield tag="001">000027517</controlfield><controlfield tag="002">20161230</controlfield><controlfield tag="005">20170103174218</controlfield><controlfield tag="008">060222s1000------------r-----000-0-eng-d</controlfield><datafield ind1=" " ind2=" " tag="040"><subfield code="a">IFIN-HH</subfield></datafield><datafield ind1=" " ind2=" " tag="080"><subfield code="a">519.4/5</subfield></datafield><datafield ind1="1" ind2=" " tag="100"><subfield code="a">Koster, George F</subfield></datafield><datafield ind1="1" ind2="0" tag="245"><subfield code="a">Space groups and their representations</subfield><subfield code="c">G.F. Koster</subfield></datafield><datafield ind1=" " ind2=" " tag="260"><subfield code="a">New York</subfield><subfield code="b">Academic Press</subfield><subfield code="c">1957</subfield></datafield><datafield ind1=" " ind2=" " tag="300"><subfield code="a">84 p</subfield></datafield><datafield ind1=" " ind2=" " tag="490"><subfield code="a">Solid State Reprint</subfield></datafield><datafield ind1=" " ind2=" " tag="852"><subfield code="a">21124</subfield><subfield code="c">519.4/5</subfield></datafield><datafield ind1=" " ind2=" " tag="CAT"><subfield code="a">SYS</subfield><subfield code="c">20170103</subfield><subfield code="h">174218</subfield></datafield></record></collection>